% 21152003 
@Article{Su2010,
   Author="Su, Jing  and Teichmann, Sarah A.  and Down, Thomas A. ",
   Title="{{A}ssessing computational methods of cis-regulatory module prediction}",
   Journal="PLoS Comput. Biol.",
   Year="2010",
   Volume="6",
   Number="12",
   Pages="e1001020"
}

@article{Loo2009,
	title = {Computational methods for the detection of cis-regulatory modules},
	volume = {10},
	issn = {1467-5463, 1477-4054},
	doi = {10.1093/bib/bbp025},
	pages = {509--524},
	number = {5},
	journal = {Briefings in Bioinformatics},
	author = {Van Loo, Peter and Marynen, Peter},
        year = {2009}
}

@article{Prestridge1995,
	title = {Predicting Pol {II} promoter sequences using transcription factor binding sites},
	volume = {249},
	pages = {923--932},
	number = {5},
	journal = {Journal of molecular biology},
	author = {Prestridge, Dan S.},
	year = {1995}
}

@article{Wasserman1998,
	title = {Identification of regulatory regions which confer muscle-specific gene expression},
	volume = {278},
	pages = {167--181},
	number = {1},
	journal = {Journal of molecular biology},
	author = {Wasserman, Wyeth W. and Fickett, James W.},
	year = {1998}
}

@article{Elnitski2006,
	title = {Locating mammalian transcription factor binding sites: A survey of computational and experimental techniques},
	volume = {16},
	issn = {1088-9051},
	shorttitle = {Locating mammalian transcription factor binding sites},
	pages = {1455--1464},
	number = {12},
	journal = {Genome Research},
	author = {Elnitski, Laura and Jin, Victor X. and Farnham, Peggy J. and Jones, Steven {J.M.}},
	year = {2006}
}

@article{Hardison2012,
	title = {Genomic approaches towards finding cis-regulatory modules in animals},
	volume = {13},
	issn = {1471-0056, 1471-0064},
	pages = {469--483},
	number = {7},
	journal = {Nature Reviews Genetics},
	author = {Hardison, Ross C. and Taylor, James},
	year = {2012}
}

@Article{Claverie1985,
         title = {Assessing the biological significance of primary structure consensus patterns using sequence databanks. I. Heat- shock and glucocorticoid control elements in eukaryotic promoters.},
         volume = {1},
         pages = {95--104},
         number = {2},
         journal = {Comput Appli Biosci},
         author = {Claverie, Jean-Michel and Sauvaget, Isabelle},
         year = {1985}
}

@article{Chen1997,
	title = {{PromFD} 1.0: a computer program that predicts eukaryotic pol {II} promoters using strings and {IMD} matrices},
	volume = {13},
	shorttitle = {{PromFD} 1.0},
	pages = {29--35},
	number = {1},
	journal = {Computer applications in the biosciences: {CABIOS}},
	author = {Chen, Qing K. and Hertz, Gerald Z. and Stormo, Gary D.},
	year = {1997}
}

@article{Fickett1996,
	title = {Quantitative discrimination of {MEF2} sites.},
	volume = {16},
	pages = {437--441},
	number = {1},
	journal = {Molecular and cellular biology},
	author = {Fickett, James W.},
	year = {1996}
}

@article{Siepel2005,
	title = {Evolutionarily conserved elements in vertebrate, insect, worm, and yeast genomes},
	volume = {15},
	pages = {1034--1050},
	number = {8},
	journal = {Genome research},
	author = {Siepel, Adam and Bejerano, Gill and Pedersen, Jakob S. and Hinrichs, Angie S. and Hou, Minmei and Rosenbloom, Kate and Clawson, Hiram and Spieth, John and Hillier, {LaDeana} W. and Richards, Stephen},
	year = {2005}
}

@article{Aerts2003,
	title = {Computational detection of cis-regulatory modules},
	volume = {19},
	issn = {1367-4803, 1460-2059},
	pages = {ii5--ii14},
	issue = {Suppl 2},
	journal = {Bioinformatics},
	author = {Aerts, Stein and Van Loo, Peter and Thijs, Gert and Moreau, Yves and De Moor, Bart},
        year = {2003}
}


@article{Sinha2003,
	title = {A probabilistic method to detect regulatory modules},
	volume = {19},
	issn = {1367-4803, 1460-2059},
	pages = {i292--i301},
	issue = {Suppl 1},
	journal = {Bioinformatics},
	author = {Sinha, Saurabh and van Nimwegen, Eric and Siggia, Eric D.},
	year = {2003}
}

@article{Frith2003,
	title = {Cluster-Buster: finding dense clusters of motifs in {DNA} sequences},
	volume = {31},
	issn = {1362-4962},
	shorttitle = {Cluster-Buster},
	pages = {3666--3668},
	number = {13},
	journal = {Nucleic Acids Research},
	author = {Frith, Martin C.},
	year = {2003}
}

@article{Sinha2004,
	title = {Cross-species comparison significantly improves genome-wide prediction of cis-regulatory modules in Drosophila},
	volume = {5},
	pages = {129},
	number = {1},
	journal = {{BMC} bioinformatics},
	author = {Sinha, Saurabh and Schroeder, Mark D. and Unnerstall, Ulrich and Gaul, Ulrike and Siggia, Eric D.},
	year = {2004},
	keywords = {Stubb}
}

@article{Sinha2007,
	title = {{MORPH:} probabilistic alignment combined with hidden Markov models of cis-regulatory modules},
	volume = {3},
	shorttitle = {{MORPH}},
	pages = {e216},
	number = {11},
	journal = {{PLoS} computational biology},
	author = {Sinha, Saurabh and He, Xin},
	year = {2007}
}

@article{Kolbe2004,
	title = {Regulatory potential scores from genome-wide three-way alignments of human, mouse, and rat},
	volume = {14},
	pages = {700--707},
	number = {4},
	journal = {Genome research},
	author = {Kolbe, Diana and Taylor, James and Elnitski, Laura and Eswara, Pallavi and Li, Jia and Miller, Webb and Hardison, Ross and Chiaromonte, Francesca},
	year = {2004}
}

@article{Dunham2012,
	title = {An integrated encyclopedia of {DNA} elements in the human genome},
	volume = {489},
	issn = {0028-0836, 1476-4687},
	pages = {57--74},
	number = {7414},
	journal = {Nature},
	author = {Dunham, Ian and Kundaje, Anshul and Aldred, Shelley F. and Collins, Patrick J. and Davis, Carrie A. and Doyle, Francis and Epstein, Charles B. and Frietze, Seth and Harrow, Jennifer and Kaul, Rajinder and Khatun, Jainab and Lajoie, Bryan R. and Landt, Stephen G. and Lee, Bum-Kyu and Pauli, Florencia and Rosenbloom, Kate R. and Sabo, Peter and Safi, Alexias and Sanyal, Amartya and Shoresh, Noam and Simon, Jeremy M. and Song, Lingyun and Trinklein, Nathan D. and Altshuler, Robert C. and Birney, Ewan and Brown, James B. and Cheng, Chao and Djebali, Sarah and Dong, Xianjun and Dunham, Ian and Ernst, Jason and Furey, Terrence S. and Gerstein, Mark and Giardine, Belinda and Greven, Melissa and Hardison, Ross C. and Harris, Robert S. and Herrero, Javier and Hoffman, Michael M. and Iyer, Sowmya and Kellis, Manolis and Khatun, Jainab and Kheradpour, Pouya and Kundaje, Anshul and Lassmann, Timo and Li, Qunhua and Lin, Xinying and Marinov, Georgi K. and Merkel, Angelika and Mortazavi, Ali and Parker, Stephen C. J. and Reddy, Timothy E. and Rozowsky, Joel and Schlesinger, Felix and Thurman, Robert E. and Wang, Jie and Ward, Lucas D. and Whitfield, Troy W. and Wilder, Steven P. and Wu, Weisheng and Xi, Hualin S. and Yip, Kevin Y. and Zhuang, Jiali and Bernstein, Bradley E. and Birney, Ewan and Dunham, Ian and Green, Eric D. and Gunter, Chris and Snyder, Michael and Pazin, Michael J. and Lowdon, Rebecca F. and Dillon, Laura A. L. and Adams, Leslie B. and Kelly, Caroline J. and Zhang, Julia and Wexler, Judith R. and Green, Eric D. and Good, Peter J. and Feingold, Elise A. and Bernstein, Bradley E. and Birney, Ewan and Crawford, Gregory E. and Dekker, Job and Elnitski, Laura and Farnham, Peggy J. and Gerstein, Mark and Giddings, Morgan C. and Gingeras, Thomas R. and Green, Eric D. and Guigó, Roderic and Hardison, Ross C. and Hubbard, Timothy J. and Kellis, Manolis and Kent, W. James and Lieb, Jason D. and Margulies, Elliott H. and Myers, Richard M. and Snyder, Michael and Stamatoyannopoulos, John A. and Tenenbaum, Scott A. and Weng, Zhiping and White, Kevin P. and Wold, Barbara and Khatun, Jainab and Yu, Yanbao and Wrobel, John and Risk, Brian A. and Gunawardena, Harsha P. and Kuiper, Heather C. and Maier, Christopher W. and Xie, Ling and Chen, Xian and Giddings, Morgan C. and Bernstein, Bradley E. and Epstein, Charles B. and Shoresh, Noam and Ernst, Jason and Kheradpour, Pouya and Mikkelsen, Tarjei S. and Gillespie, Shawn and Goren, Alon and Ram, Oren and Zhang, Xiaolan and Wang, Li and Issner, Robbyn and Coyne, Michael J. and Durham, Timothy and Ku, Manching and Truong, Thanh and Ward, Lucas D. and Altshuler, Robert C. and Eaton, Matthew L. and Kellis, Manolis and Djebali, Sarah and Davis, Carrie A. and Merkel, Angelika and Dobin, Alex and Lassmann, Timo and Mortazavi, Ali and Tanzer, Andrea and Lagarde, Julien and Lin, Wei and Schlesinger, Felix and Xue, Chenghai and Marinov, Georgi K. and Khatun, Jainab and Williams, Brian A. and Zaleski, Chris and Rozowsky, Joel and Röder, Maik and Kokocinski, Felix and Abdelhamid, Rehab F. and Alioto, Tyler and Antoshechkin, Igor and Baer, Michael T. and Batut, Philippe and Bell, Ian and Bell, Kimberly and Chakrabortty, Sudipto and Chen, Xian and Chrast, Jacqueline and Curado, Joao and Derrien, Thomas and Drenkow, Jorg and Dumais, Erica and Dumais, Jackie and Duttagupta, Radha and Fastuca, Megan and Fejes-Toth, Kata and Ferreira, Pedro and Foissac, Sylvain and Fullwood, Melissa J. and Gao, Hui and Gonzalez, David and Gordon, Assaf and Gunawardena, Harsha P. and Howald, Cédric and Jha, Sonali and Johnson, Rory and Kapranov, Philipp and King, Brandon and Kingswood, Colin and Li, Guoliang and Luo, Oscar J. and Park, Eddie and Preall, Jonathan B. and Presaud, Kimberly and Ribeca, Paolo and Risk, Brian A. and Robyr, Daniel and Ruan, Xiaoan and Sammeth, Michael and Sandhu, Kuljeet Singh and Schaeffer, Lorain and See, Lei-Hoon and Shahab, Atif and Skancke, Jorgen and Suzuki, Ana Maria and Takahashi, Hazuki and Tilgner, Hagen and Trout, Diane and Walters, Nathalie and Wang, Huaien and Wrobel, John and Yu, Yanbao and Hayashizaki, Yoshihide and Harrow, Jennifer and Gerstein, Mark and Hubbard, Timothy J. and Reymond, Alexandre and Antonarakis, Stylianos E. and Hannon, Gregory J. and Giddings, Morgan C. and Ruan, Yijun and Wold, Barbara and Carninci, Piero and Guigó, Roderic and Gingeras, Thomas R. and Rosenbloom, Kate R. and Sloan, Cricket A. and Learned, Katrina and Malladi, Venkat S. and Wong, Matthew C. and Barber, Galt P. and Cline, Melissa S. and Dreszer, Timothy R. and Heitner, Steven G. and Karolchik, Donna and Kent, W. James and Kirkup, Vanessa M. and Meyer, Laurence R. and Long, Jeffrey C. and Maddren, Morgan and Raney, Brian J. and Furey, Terrence S. and Song, Lingyun and Grasfeder, Linda L. and Giresi, Paul G. and Lee, Bum-Kyu and Battenhouse, Anna and Sheffield, Nathan C. and Simon, Jeremy M. and Showers, Kimberly A. and Safi, Alexias and London, Darin and Bhinge, Akshay A. and Shestak, Christopher and Schaner, Matthew R. and Ki Kim, Seul and Zhang, Zhuzhu Z. and Mieczkowski, Piotr A. and Mieczkowska, Joanna O. and Liu, Zheng and {McDaniell}, Ryan M. and Ni, Yunyun and Rashid, Naim U. and Kim, Min Jae and Adar, Sheera and Zhang, Zhancheng and Wang, Tianyuan and Winter, Deborah and Keefe, Damian and Birney, Ewan and Iyer, Vishwanath R. and Lieb, Jason D. and Crawford, Gregory E. and Li, Guoliang and Sandhu, Kuljeet Singh and Zheng, Meizhen and Wang, Ping and Luo, Oscar J. and Shahab, Atif and Fullwood, Melissa J. and Ruan, Xiaoan and Ruan, Yijun and Myers, Richard M. and Pauli, Florencia and Williams, Brian A. and Gertz, Jason and Marinov, Georgi K. and Reddy, Timothy E. and Vielmetter, Jost and Partridge, E. and Trout, Diane and Varley, Katherine E. and Gasper, Clarke and Bansal, Anita and Pepke, Shirley and Jain, Preti and Amrhein, Henry and Bowling, Kevin M. and Anaya, Michael and Cross, Marie K. and King, Brandon and Muratet, Michael A. and Antoshechkin, Igor and Newberry, Kimberly M. and {McCue}, Kenneth and Nesmith, Amy S. and Fisher-Aylor, Katherine I. and Pusey, Barbara and {DeSalvo}, Gilberto and Parker, Stephanie L. and Balasubramanian, Sreeram and Davis, Nicholas S. and Meadows, Sarah K. and Eggleston, Tracy and Gunter, Chris and Newberry, J. Scott and Levy, Shawn E. and Absher, Devin M. and Mortazavi, Ali and Wong, Wing H. and Wold, Barbara and Blow, Matthew J. and Visel, Axel and Pennachio, Len A. and Elnitski, Laura and Margulies, Elliott H. and Parker, Stephen C. J. and Petrykowska, Hanna M. and Abyzov, Alexej and Aken, Bronwen and Barrell, Daniel and Barson, Gemma and Berry, Andrew and Bignell, Alexandra and Boychenko, Veronika and Bussotti, Giovanni and Chrast, Jacqueline and Davidson, Claire and Derrien, Thomas and Despacio-Reyes, Gloria and Diekhans, Mark and Ezkurdia, Iakes and Frankish, Adam and Gilbert, James and Gonzalez, Jose Manuel and Griffiths, Ed and Harte, Rachel and Hendrix, David A. and Howald, Cédric and Hunt, Toby and Jungreis, Irwin and Kay, Mike and Khurana, Ekta and Kokocinski, Felix and Leng, Jing and Lin, Michael F. and Loveland, Jane and Lu, Zhi and Manthravadi, Deepa and Mariotti, Marco and Mudge, Jonathan and Mukherjee, Gaurab and Notredame, Cedric and Pei, Baikang and Rodriguez, Jose Manuel and Saunders, Gary and Sboner, Andrea and Searle, Stephen and Sisu, Cristina and Snow, Catherine and Steward, Charlie and Tanzer, Andrea and Tapanari, Electra and Tress, Michael L. and van Baren, Marijke J. and Walters, Nathalie and Washietl, Stefan and Wilming, Laurens and Zadissa, Amonida and Zhang, Zhengdong and Brent, Michael and Haussler, David and Kellis, Manolis and Valencia, Alfonso and Gerstein, Mark and Reymond, Alexandre and Guigó, Roderic and Harrow, Jennifer and Hubbard, Timothy J. and Landt, Stephen G. and Frietze, Seth and Abyzov, Alexej and Addleman, Nick and Alexander, Roger P. and Auerbach, Raymond K. and Balasubramanian, Suganthi and Bettinger, Keith and Bhardwaj, Nitin and Boyle, Alan P. and Cao, Alina R. and Cayting, Philip and Charos, Alexandra and Cheng, Yong and Cheng, Chao and Eastman, Catharine and Euskirchen, Ghia and Fleming, Joseph D. and Grubert, Fabian and Habegger, Lukas and Hariharan, Manoj and Harmanci, Arif and Iyengar, Sushma and Jin, Victor X. and Karczewski, Konrad J. and Kasowski, Maya and Lacroute, Phil and Lam, Hugo and Lamarre-Vincent, Nathan and Leng, Jing and Lian, Jin and Lindahl-Allen, Marianne and Min, Renqiang and Miotto, Benoit and Monahan, Hannah and Moqtaderi, Zarmik and Mu, Xinmeng J. and {O’Geen}, Henriette and Ouyang, Zhengqing and Patacsil, Dorrelyn and Pei, Baikang and Raha, Debasish and Ramirez, Lucia and Reed, Brian and Rozowsky, Joel and Sboner, Andrea and Shi, Minyi and Sisu, Cristina and Slifer, Teri and Witt, Heather and Wu, Linfeng and Xu, Xiaoqin and Yan, Koon-Kiu and Yang, Xinqiong and Yip, Kevin Y. and Zhang, Zhengdong and Struhl, Kevin and Weissman, Sherman M. and Gerstein, Mark and Farnham, Peggy J. and Snyder, Michael and Tenenbaum, Scott A. and Penalva, Luiz O. and Doyle, Francis and Karmakar, Subhradip and Landt, Stephen G. and Bhanvadia, Raj R. and Choudhury, Alina and Domanus, Marc and Ma, Lijia and Moran, Jennifer and Patacsil, Dorrelyn and Slifer, Teri and Victorsen, Alec and Yang, Xinqiong and Snyder, Michael and White, Kevin P. and Auer, Thomas and Centanin, Lazaro and Eichenlaub, Michael and Gruhl, Franziska and Heermann, Stephan and Hoeckendorf, Burkhard and Inoue, Daigo and Kellner, Tanja and Kirchmaier, Stephan and Mueller, Claudia and Reinhardt, Robert and Schertel, Lea and Schneider, Stephanie and Sinn, Rebecca and Wittbrodt, Beate and Wittbrodt, Jochen and Weng, Zhiping and Whitfield, Troy W. and Wang, Jie and Collins, Patrick J. and Aldred, Shelley F. and Trinklein, Nathan D. and Partridge, E. Christopher and Myers, Richard M. and Dekker, Job and Jain, Gaurav and Lajoie, Bryan R. and Sanyal, Amartya and Balasundaram, Gayathri and Bates, Daniel L. and Byron, Rachel and Canfield, Theresa K. and Diegel, Morgan J. and Dunn, Douglas and Ebersol, Abigail K. and Frum, Tristan and Garg, Kavita and Gist, Erica and Hansen, R. Scott and Boatman, Lisa and Haugen, Eric and Humbert, Richard and Jain, Gaurav and Johnson, Audra K. and Johnson, Ericka M. and Kutyavin, Tattyana V. and Lajoie, Bryan R. and Lee, Kristen and Lotakis, Dimitra and Maurano, Matthew T. and Neph, Shane J. and Neri, Fiedencio V. and Nguyen, Eric D. and Qu, Hongzhu and Reynolds, Alex P. and Roach, Vaughn and Rynes, Eric and Sabo, Peter and Sanchez, Minerva E. and Sandstrom, Richard S. and Sanyal, Amartya and Shafer, Anthony O. and Stergachis, Andrew B. and Thomas, Sean and Thurman, Robert E. and Vernot, Benjamin and Vierstra, Jeff and Vong, Shinny and Wang, Hao and Weaver, Molly A. and Yan, Yongqi and Zhang, Miaohua and Akey, Joshua M. and Bender, Michael and Dorschner, Michael O. and Groudine, Mark and {MacCoss}, Michael J. and Navas, Patrick and Stamatoyannopoulos, George and Kaul, Rajinder and Dekker, Job and Stamatoyannopoulos, John A. and Dunham, Ian and Beal, Kathryn and Brazma, Alvis and Flicek, Paul and Herrero, Javier and Johnson, Nathan and Keefe, Damian and Lukk, Margus and Luscombe, Nicholas M. and Sobral, Daniel and Vaquerizas, Juan M. and Wilder, Steven P. and Batzoglou, Serafim and Sidow, Arend and Hussami, Nadine and Kyriazopoulou-Panagiotopoulou, Sofia and Libbrecht, Max W. and Schaub, Marc A. and Kundaje, Anshul and Hardison, Ross C. and Miller, Webb and Giardine, Belinda and Harris, Robert S. and Wu, Weisheng and Bickel, Peter J. and Banfai, Balazs and Boley, Nathan P. and Brown, James B. and Huang, Haiyan and Li, Qunhua and Li, Jingyi Jessica and Noble, William Stafford and Bilmes, Jeffrey A. and Buske, Orion J. and Hoffman, Michael M. and Sahu, Avinash D. and Kharchenko, Peter V. and Park, Peter J. and Baker, Dannon and Taylor, James and Weng, Zhiping and Iyer, Sowmya and Dong, Xianjun and Greven, Melissa and Lin, Xinying and Wang, Jie and Xi, Hualin S. and Zhuang, Jiali and Gerstein, Mark and Alexander, Roger P. and Balasubramanian, Suganthi and Cheng, Chao and Harmanci, Arif and Lochovsky, Lucas and Min, Renqiang and Mu, Xinmeng J. and Rozowsky, Joel and Yan, Koon-Kiu and Yip, Kevin Y. and Birney, Ewan},
	year = {2012}
}

@article{Kent2002,
	title = {The Human Genome Browser at {UCSC}},
	volume = {12},
	issn = {1088-9051},
	pages = {996--1006},
	number = {6},
	journal = {Genome Research},
	author = {Kent, W. James and Sugnet, Charles W. and Furey, Terrence S. and Roskin, Krishna M. and Pringle, Tom H. and Zahler, Alan M. and Haussler, David},
	year = {2002}
}

@article{Rosenbloom2013,
	title = {{ENCODE} Data in the {UCSC} Genome Browser: year 5 update},
	volume = {41},
	issn = {0305-1048, 1362-4962},
	shorttitle = {{ENCODE} Data in the {UCSC} Genome Browser},
	pages = {D56--D63},
	issue = {D1},
	journal = {Nucleic Acids Research},
	author = {Rosenbloom, Kate R. and Sloan, Cricket A. and Malladi, Venkat S. and Dreszer, Timothy R. and Learned, Katrina and Kirkup, Vanessa M. and Wong, Matthew C. and Maddren, Morgan and Fang, Ruihua and Heitner, Steven G. and Lee, Brian T. and Barber, Galt P. and Harte, Rachel A. and Diekhans, Mark and Long, Jeffrey C. and Wilder, Steven P. and Zweig, Ann S. and Karolchik, Donna and Kuhn, Robert M. and Haussler, David and Kent, W. James},
	year = {2013}
}

@article{Celniker2009,
	title = {Unlocking the secrets of the genome},
	volume = {459},
	issn = {0028-0836, 1476-4687},
	pages = {927--930},
	number = {7249},
	journal = {Nature},
	author = {Celniker, Susan E. and Dillon, Laura A. L. and Gerstein, Mark B. and Gunsalus, Kristin C. and Henikoff, Steven and Karpen, Gary H. and Kellis, Manolis and Lai, Eric C. and Lieb, Jason D. and {MacAlpine}, David M. and Micklem, Gos and Piano, Fabio and Snyder, Michael and Stein, Lincoln and White, Kevin P. and Waterston, Robert H.},
	year = {2009}
}

@article{Stamatoyannopoulos2012,
  title={An encyclopedia of mouse DNA elements (Mouse ENCODE)},
  author={Stamatoyannopoulos, John A and Snyder, Michael and Hardison, Ross and Ren, Bing and Gingeras, Thomas and Gilbert, David M and Groudine, Mark and Bender, Michael and Kaul, Rajinder and Canfield, Theresa and others},
  journal={Genome biology},
  volume={13},
  number={8},
  pages={418},
  year={2012},
  publisher={BioMed Central Ltd}
}

@article{Ren2000,
	title = {Genome-wide location and function of {DNA} binding proteins},
	volume = {290},
	pages = {2306--2309},
	number = {5500},
	journal = {Science},
	author = {Ren, Bing and Robert, François and Wyrick, John J. and Aparicio, Oscar and Jennings, Ezra G. and Simon, Itamar and Zeitlinger, Julia and Schreiber, Jörg and Hannett, Nancy and Kanin, Elenita},
	year = {2000}
}

@article{Kim2007,
	title = {Genome-Wide Analysis of Protein-{DNA} Interactions},
	volume = {7},
	issn = {1527-8204, 1545-{293X}},
	pages = {81--102},
	number = {1},
	journal = {Annual Review of Genomics and Human Genetics},
	author = {Kim, Tae Hoon and Ren, Bing},
	year = {2006}
}

@article{Crawford2006,
  title={Genome-wide mapping of DNase hypersensitive sites using massively parallel signature sequencing (MPSS)},
  author={Crawford, Gregory E and Holt, Ingeborg E and Whittle, James and Webb, Bryn D and Tai, Denise and Davis, Sean and Margulies, Elliott H and Chen, YiDong and Bernat, John A and Ginsburg, David and others},
  journal={Genome research},
  volume={16},
  number={1},
  pages={123--131},
  year={2006},
  publisher={Cold Spring Harbor Lab}
}

@article{Cockerill2011,
	title = {Structure and function of active chromatin and {DNase} I hypersensitive sites: Active chromatin and {DNase} I hypersensitive sites},
	volume = {278},
	issn = {{1742464X}},
	shorttitle = {Structure and function of active chromatin and {DNase} I hypersensitive sites},
	pages = {2182--2210},
	number = {13},
	journal = {{FEBS} Journal},
	author = {Cockerill, Peter N.},
	year = {2011}
}

@article{Giresi2007,
	title = {{FAIRE} (Formaldehyde-Assisted Isolation of Regulatory Elements) isolates active regulatory elements from human chromatin},
	volume = {17},
	issn = {1088-9051},
	pages = {877--885},
	number = {6},
	journal = {Genome Research},
	author = {Giresi, Paul G. and Kim, Jonghwan and {McDaniell}, Ryan M. and Iyer, Vishwanath R. and Lieb, Jason D.},
	year = {2007}
}


@article{Giresi2009,
	title = {Isolation of active regulatory elements from eukaryotic chromatin using {FAIRE} (Formaldehyde Assisted Isolation of Regulatory Elements)},
	volume = {48},
	issn = {10462023},
	pages = {233--239},
	number = {3},
	journal = {Methods},
        publisher = {Elsevier},
	author = {Giresi, Paul G. and Lieb, Jason D.},
	year = {2009}
}

@article{Barski2007,
	title = {High-Resolution Profiling of Histone Methylations in the Human Genome},
	volume = {129},
	issn = {00928674},
	pages = {823-837},
	number = {4},
	journal = {Cell},
	author = {Barski, Artem and Cuddapah, Suresh and Cui, Kairong and Roh, Tae-Young and Schones, Dustin E. and Wang, Zhibin and Wei, Gang and Chepelev, Iouri and Zhao, Keji},
	year = {2007}
}

@article{Frommer1992,
	title = {A genomic sequencing protocol that yields a positive display of 5-methylcytosine residues in individual {DNA} strands.},
	volume = {89},
	pages = {1827--1831},
	number = {5},
	journal = {Proceedings of the National Academy of Sciences},
	author = {Frommer, Marianne and {McDonald}, Louise E. and Millar, Douglas S. and Collis, Christina M. and Watt, Fujiko and Grigg, Geoffrey W. and Molloy, Peter L. and Paul, Cheryl L.},
	year = {1992}
}

@article{Meissner2005,
  title={Reduced representation bisulfite sequencing for comparative high-resolution DNA methylation analysis},
  author={Meissner, Alexander and Gnirke, Andreas and Bell, George W and Ramsahoye, Bernard and Lander, Eric S and Jaenisch, Rudolf},
  journal={Nucleic acids research},
  volume={33},
  number={18},
  pages={5868--5877},
  year={2005},
  publisher={Oxford Univ Press}
}

@article{Meissner2008,
	title = {Genome-scale {DNA} methylation maps of pluripotent and differentiated cells},
	issn = {0028-0836, 1476-4687},
	journal = {Nature},
	author = {Meissner, Alexander and Mikkelsen, Tarjei S. and Gu, Hongcang and Wernig, Marius and Hanna, Jacob and Sivachenko, Andrey and Zhang, Xiaolan and Bernstein, Bradley E. and Nusbaum, Chad and Jaffe, David B. and Gnirke, Andreas and Jaenisch, Rudolf and Lander, Eric S.},
	year = {2008}
}

@article{Dostie2006,
  title={Chromosome Conformation Capture Carbon Copy (5C): a massively parallel solution for mapping interactions between genomic elements},
  author={Dostie, Jos{\'e}e and Richmond, Todd A and Arnaout, Ramy A and Selzer, Rebecca R and Lee, William L and Honan, Tracey A and Rubio, Eric D and Krumm, Anton and Lamb, Justin and Nusbaum, Chad and Dekker, Job},
  journal={Genome research},
  volume={16},
  number={10},
  pages={1299--1309},
  year={2006},
  publisher={Cold Spring Harbor Lab}
}

@article{Dekker2002,
  title={Capturing chromosome conformation},
  author={Dekker, Job and Rippe, Karsten and Dekker, Martijn and Kleckner, Nancy},
  journal={science},
  volume={295},
  number={5558},
  pages={1306--1311},
  year={2002},
  publisher={American Association for the Advancement of Science}
}

@article{Bernstein2007,
	title = {The Mammalian Epigenome},
	volume = {128},
	issn = {00928674},
	pages = {669--681},
	number = {4},
	journal = {Cell},
	author = {Bernstein, Bradley E. and Meissner, Alexander and Lander, Eric S.},
	year = {2007}
}

@article{Taher2013,
	title = {Sequence signatures extracted from proximal promoters can be used to predict distal enhancers},
	volume = {14},
	pages = {R117},
	number = {10},
	journal = {Genome biology},
	author = {Taher, Leila and Smith, Robin P. and Kim, Mee J. and Ahituv, Nadav and Ovcharenko, Ivan},
	year = {2013}
}

@article{Butler2002,
  title={The RNA polymerase II core promoter: a key component in the regulation of gene expression},
  author={Butler, Jennifer EF and Kadonaga, James T},
  journal={Genes \& development},
  volume={16},
  number={20},
  pages={2583--2592},
  year={2002},
  publisher={Cold Spring Harbor Lab}
}

@article{Laimins1984,
  title={Characterization of enhancer elements in the long terminal repeat of Moloney murine sarcoma virus.},
  author={Laimins, LAIMONIS A and Gruss, PETER and Pozzatti, R and Khoury, GEORGE},
  journal={Journal of virology},
  volume={49},
  number={1},
  pages={183--189},
  year={1984},
  publisher={Am Soc Microbiol}
}

@article{Blackwood1998,
  title={Going the distance: a current view of enhancer action},
  author={Blackwood, Elizabeth M and Kadonaga, James T},
  journal={Science},
  volume={281},
  number={5373},
  pages={60--63},
  year={1998},
  publisher={American Association for the Advancement of Science}
}

@article{Hozumi2013,
	title = {Enhancer activity sensitive to the orientation of the gene it regulates in the chordategenome},
	volume = {375},
	issn = {00121606},
	doi = {10.1016/j.ydbio.2012.12.012},
	pages = {79--91},
	number = {1},
	journal = {Developmental Biology},
	author = {Hozumi, Akiko and Yoshida, Reiko and Horie, Takeo and Sakuma, Tetsushi and Yamamoto, Takashi and Sasakura, Yasunori},
	year = {2013}
}

@article{Maston2006,
  title={Transcriptional regulatory elements in the human genome},
  author={Maston, Glenn A and Evans, Sara K and Green, Michael R},
  journal={Annu. Rev. Genomics Hum. Genet.},
  volume={7},
  pages={29--59},
  year={2006},
  publisher={Annual Reviews}
}

@article{Walters1995,
  title={Enhancers increase the probability but not the level of gene expression},
  author={Walters, Mark C and Fiering, Steven and Eidemiller, Jeff and Magis, Wendy and Groudine, Mark and Martin, DI},
  journal={Proceedings of the National Academy of Sciences},
  volume={92},
  number={15},
  pages={7125--7129},
  year={1995},
  publisher={National Acad Sciences}
}

@article{Jing2008,
  title={Exchange of GATA factors mediates transitions in looped chromatin organization at a developmentally regulated gene locus},
  author={Jing, Huie and Vakoc, Christopher R and Ying, Lei and Mandat, Sean and Wang, Hongxin and Zheng, Xingwu and Blobel, Gerd A},
  journal={Molecular cell},
  volume={29},
  number={2},
  pages={232--242},
  year={2008},
  publisher={Elsevier}
}

@article{Wagner1999,
  title={Genes regulated cooperatively by one or more transcription factors and their identification in whole eukaryotic genomes.},
  author={Wagner, Andreas},
  journal={Bioinformatics},
  volume={15},
  number={10},
  pages={776--784},
  year={1999},
  publisher={Oxford Univ Press}
}

@article{Sandelin2007,
  title={Mammalian RNA polymerase II core promoters: insights from genome-wide studies},
  author={Sandelin, Albin and Carninci, Piero and Lenhard, Boris and Ponjavic, Jasmina and Hayashizaki, Yoshihide and Hume, David A},
  journal={Nature Reviews Genetics},
  volume={8},
  number={6},
  pages={424--436},
  year={2007},
  publisher={Nature Publishing Group}
}

@article{Ogbourne1998,
  title={Transcriptional control and the role of silencers in transcriptional regulation in eukaryotes},
  author={Ogbourne, Steven and Antalis, T},
  journal={Biochem. J},
  volume={331},
  pages={1--14},
  year={1998}
}

@article{Kwon2011,
  title={Validation of skeletal muscle cis-regulatory module predictions reveals nucleotide composition bias in functional enhancers},
  author={Kwon, Andrew T and Chou, Alice Yi and Arenillas, David J and Wasserman, Wyeth W},
  journal={PLoS computational biology},
  volume={7},
  number={12},
  pages={e1002256},
  year={2011},
  publisher={Public Library of Science}
}

@article{Li2007,
  title={Large-scale analysis of transcriptional cis-regulatory modules reveals both common features and distinct subclasses},
  author={Li, Long and Zhu, Qianqian and He, Xin and Sinha, Saurabh and Halfon, Marc S},
  journal={Genome Biol},
  volume={8},
  number={6},
  pages={R101},
  year={2007}
}

@article{Encode2011,
  title={A user's guide to the encyclopedia of DNA elements (ENCODE)},
  author={ENCODE Project Consortium and others},
  journal={PLoS biology},
  volume={9},
  number={4},
  pages={e1001046},
  year={2011},
  publisher={Public Library of Science}
}

@article{Klepper2008,
  title={Assessment of composite motif discovery methods},
  author={Klepper, Kjetil and Sandve, Geir K and Abul, Osman and Johansen, Jostein and Drablos, Finn},
  journal={BMC bioinformatics},
  volume={9},
  number={1},
  pages={123},
  year={2008},
  publisher={BioMed Central Ltd}
}

@article{Nikulova2012,
  title={CORECLUST: identification of the conserved CRM grammar together with prediction of gene regulation},
  author={Nikulova, Anna A and Favorov, Alexander V and Sutormin, Roman A and Makeev, Vsevolod J and Mironov, Andrey A},
  journal={Nucleic acids research},
  volume={40},
  number={12},
  pages={e93--e93},
  year={2012},
  publisher={Oxford Univ Press}
}

@article{Herrmann2012,
  title={i-cisTarget: an integrative genomics method for the prediction of regulatory features and cis-regulatory modules},
  author={Herrmann, Carl and Van de Sande, Bram and Potier, Delphine and Aerts, Stein},
  journal={Nucleic acids research},
  volume={40},
  number={15},
  pages={e114--e114},
  year={2012},
  publisher={Oxford Univ Press}
}

@article{Gallo2011,
  title={REDfly v3. 0: toward a comprehensive database of transcriptional regulatory elements in Drosophila},
  author={Gallo, Steven M and Gerrard, Dave T and Miner, David and Simich, Michael and Des Soye, Benjamin and Bergman, Casey M and Halfon, Marc S},
  journal={Nucleic acids research},
  volume={39},
  number={suppl 1},
  pages={D118--D123},
  year={2011},
  publisher={Oxford Univ Press}
}

@article{Saxonov2006,
  title={A genome-wide analysis of CpG dinucleotides in the human genome distinguishes two distinct classes of promoters},
  author={Saxonov, Serge and Berg, Paul and Brutlag, Douglas L},
  journal={Proceedings of the National Academy of Sciences of the United States of America},
  volume={103},
  number={5},
  pages={1412--1417},
  year={2006},
  publisher={National Acad Sciences}
}

@incollection{Rosenbloom2008,
  title={Phylogenomic resources at the UCSC Genome Browser},
  author={Rosenbloom, Kate and Taylor, James and Schaeffer, Stephen and Kent, Jim and Haussler, David and Miller, Webb},
  booktitle={Phylogenomics},
  pages={133--144},
  year={2008},
  publisher={Springer}
}

@article{Girgis2012,
  title={Predicting tissue specific cis-regulatory modules in the human genome using pairs of co-occurring motifs},
  author={Girgis, Hani Z and Ovcharenko, Ivan},
  journal={BMC bioinformatics},
  volume={13},
  number={1},
  pages={25},
  year={2012},
  publisher={BioMed Central Ltd}
}

@article{Matys2003,
  title={TRANSFAC{\textregistered}: transcriptional regulation, from patterns to profiles},
  author={Matys, Vea and Fricke, Ellen and Geffers, R and G{\"o}{\ss}ling, Ellen and Haubrock, Martin and Hehl, R and Hornischer, Klaus and Karas, Dagmar and Kel, Alexander E. and Kel-Margoulis, Olga V. and others},
  journal={Nucleic acids research},
  volume={31},
  number={1},
  pages={374--378},
  year={2003},
  publisher={Oxford Univ Press}
}

@article{Bailey1998,
  title={Combining evidence using p-values: application to sequence homology searches.},
  author={Bailey, Timothy L. and Gribskov, Michael},
  journal={Bioinformatics},
  volume={14},
  number={1},
  pages={48--54},
  year={1998},
  publisher={Oxford Univ Press}
}

@article{Thomas-Chollier2008,
  title={RSAT: regulatory sequence analysis tools},
  author={Thomas-Chollier, Morgane and Sand, Olivier and Turatsinze, Jean-Val{\'e}ry and Defrance, Matthieu and Vervisch, Eric and Broh{\'e}e, Sylvain and van Helden, Jacques and others},
  journal={Nucleic acids research},
  volume={36},
  number={suppl 2},
  pages={W119--W127},
  year={2008},
  publisher={Oxford Univ Press}
}

@article{Mathelier2014,
  title={JASPAR 2014: an extensively expanded and updated open-access database of transcription factor binding profiles},
  author={Mathelier, Anthony and Zhao, Xiaobei and Zhang, Allen W and Parcy, Fran{\c{c}}ois and Worsley-Hunt, Rebecca and Arenillas, David J and Buchman, Sorana and Chen, Chih-yu and Chou, Alice and Ienasescu, Hans and others},
  journal={Nucleic acids research},
  volume={42},
  number={D1},
  pages={D142--D147},
  year={2014},
  publisher={Oxford Univ Press}
}

@article{Deyneko2013,
  title={MatrixCatch-a novel tool for the recognition of composite regulatory elements in promoters},
  author={Deyneko, Igor V and Kel, Alexander E and Kel-Margoulis, Olga V and Deineko, Elena V and Wingender, Edgar and Weiss, Siegfried},
  journal={BMC bioinformatics},
  volume={14},
  number={1},
  pages={1--10},
  year={2013},
  publisher={BioMed Central}
}

@article{Eddy2004,
  title={What is a hidden Markov model?},
  author={Eddy, Sean R},
  journal={Nature biotechnology},
  volume={22},
  number={10},
  pages={1315--1316},
  year={2004},
  publisher={New York, NY: Nature Pub. Co., 1996-}
}

@article{Palin2006,
  title={Locating potential enhancer elements by comparative genomics using the EEL software},
  author={Palin, Kimmo and Taipale, Jussi and Ukkonen, Esko},
  journal={Nature protocols},
  volume={1},
  number={1},
  pages={368--374},
  year={2006},
  publisher={Nature Publishing Group}
}

@article{Kel2006,
  title={Composite Module Analyst: a fitness-based tool for identification of transcription factor binding site combinations},
  author={Kel, A and Konovalova, Tatiana and Waleev, T and Cheremushkin, Evgeny and Kel-Margoulis, O and Wingender, Edgar},
  journal={Bioinformatics},
  volume={22},
  number={10},
  pages={1190--1197},
  year={2006},
  publisher={Oxford Univ Press}
}

@article{Ernst2012,
  title={ChromHMM: automating chromatin-state discovery and characterization},
  author={Ernst, Jason and Kellis, Manolis},
  journal={Nature methods},
  volume={9},
  number={3},
  pages={215--216},
  year={2012},
  publisher={Nature Publishing Group}
}

@article{Calo2013,
  title={Modification of enhancer chromatin: what, how, and why?},
  author={Calo, Eliezer and Wysocka, Joanna},
  journal={Molecular cell},
  volume={49},
  number={5},
  pages={825--837},
  year={2013},
  publisher={Elsevier}
}

@article{Cheng2011,
  title={Genome-wide analysis of chromatin features identifies histone modification sensitive and insensitive yeast transcription factors},
  author={Cheng, Chao and Shou, Chong and Yip, Kevin Y and Gerstein, Mark B},
  journal={Genome Biol},
  volume={12},
  number={11},
  pages={R111},
  year={2011}
}

@article{Bannister2011,
  title={Regulation of chromatin by histone modifications},
  author={Bannister, Andrew J and Kouzarides, Tony},
  journal={Cell research},
  volume={21},
  number={3},
  pages={381--395},
  year={2011},
  publisher={Nature Publishing Group}
}

@article{Ghirlando2012,
  title={Chromatin domains, insulators, and the regulation of gene expression},
  author={Ghirlando, Rodolfo and Giles, Keith and Gowher, Humaira and Xiao, Tiaojiang and Xu, Zhixiong and Yao, Hongjie and Felsenfeld, Gary},
  journal={Biochimica et Biophysica Acta (BBA)-Gene Regulatory Mechanisms},
  volume={1819},
  number={7},
  pages={644--651},
  year={2012},
  publisher={Elsevier}
}

@article{Kel-Margoulis2002,
  title={TRANSCompel{\textregistered}: a database on composite regulatory elements in eukaryotic genes},
  author={Kel-Margoulis, Olga V and Kel, Alexander E and Reuter, Ingmar and Deineko, Igor V and Wingender, Edgar},
  journal={Nucleic acids research},
  volume={30},
  number={1},
  pages={332--334},
  year={2002},
  publisher={Oxford Univ Press}
}

@article{Rouault2014,
  title={Imogene: identification of motifs and cis-regulatory modules underlying gene co-regulation},
  author={Rouault, Herv{\'e} and Santolini, Marc and Schweisguth, Fran{\c{c}}ois and Hakim, Vincent},
  journal={Nucleic acids research},
  pages={gku209},
  year={2014},
  publisher={Oxford Univ Press}
}

@article{Zentner2013,
  title={Regulation of nucleosome dynamics by histone modifications},
  author={Zentner, Gabriel E and Henikoff, Steven},
  journal={Nature structural \& molecular biology},
  volume={20},
  number={3},
  pages={259--266},
  year={2013},
  publisher={Nature Publishing Group}
}

@article{Tan2011,
  title={Identification of 67 histone marks and histone lysine crotonylation as a new type of histone modification},
  author={Tan, Minjia and Luo, Hao and Lee, Sangkyu and Jin, Fulai and Yang, Jeong Soo and Montellier, Emilie and Buchou, Thierry and Cheng, Zhongyi and Rousseaux, Sophie and Rajagopal, Nisha and others},
  journal={Cell},
  volume={146},
  number={6},
  pages={1016--1028},
  year={2011},
  publisher={Elsevier}
}

@article{Sanyal2012,
  title={The long-range interaction landscape of gene promoters},
  author={Sanyal, Amartya and Lajoie, Bryan R and Jain, Gaurav and Dekker, Job},
  journal={Nature},
  volume={489},
  number={7414},
  pages={109--113},
  year={2012},
  publisher={Nature Publishing Group}
}

@article{Nam2012,
  title={Barcoded DNA-tag reporters for multiplex cis-regulatory analysis},
  author={Nam, Jongmin and Davidson, Eric H},
  journal={PloS one},
  volume={7},
  number={4},
  pages={e35934},
  year={2012},
  publisher={Public Library of Science}
}

@article{Robertson2000,
  title={DNA methylation in health and disease},
  author={Robertson, Keith D and Wolffe, Alan P},
  journal={Nature Reviews Genetics},
  volume={1},
  number={1},
  pages={11--19},
  year={2000},
  publisher={Nature Publishing Group}
}

@article{Espada2010,
  title={DNA methylation and the functional organization of the nuclear compartment},
  author={Espada, Jes{\'u}s and Esteller, Manel},
  journal={Seminars in cell \& developmental biology},
  volume={21},
  number={2},
  pages={238--246},
  year={2010},
  publisher={Elsevier}
}

@inproceedings{Thompson2014,
  title={GAMI-CRM: Using de novo motif inference to detect cis-regulatory modules},
  author={Thompson, Jeffrey A and Congdon, Clare Bates},
  booktitle={Proceedings of the 2014 IEEE Congress on Evolutionary Computation},
  year={2014},
  organization={IEEE}
}

@InProceedings{Gagne2012,
  title     = {Preliminary Results for {GAMMI}: Genetic Algorithms for Motif-Module Inference},
  author    = {David J. Gagne and Clare Bates Congdon},
  pages     = {1309--1316},
  booktitle = {Proceedings of the 2012 IEEE Congress on Evolutionary Computation},
  year      = {2012},
  editor    = {Xiaodong Li},
  month     = {10-15 June},
  address   = {Brisbane, Australia},
  ISBN      = {0-7803-8515-2},
  keywords  = {Computational Intelligence in Bioinformatics (IEEE-CEC), Biometrics, bioinformatics and biomedical applications}
}

@article{Won2013,
  title={Comparative annotation of functional regions in the human genome using epigenomic data},
  author={Won, Kyoung-Jae and Zhang, Xian and Wang, Tao and Ding, Bo and Raha, Debasish and Snyder, Michael and Ren, Bing and Wang, Wei},
  journal={Nucleic acids research},
  pages={gkt143},
  year={2013},
  publisher={Oxford Univ Press}
}

@article{Klepper2013,
  title={MotifLab: a tools and data integration workbench for motif discovery and regulatory sequence analysis},
  author={Klepper, Kjetil and Drabl{\o}s, Finn},
  journal={BMC bioinformatics},
  volume={14},
  number={1},
  pages={9},
  year={2013},
  publisher={BioMed Central Ltd}
}

@article{Kazemian2011,
  title={Genome surveyor 2.0: cis-regulatory analysis in Drosophila},
  author={Kazemian, Majid and Brodsky, Michael H and Sinha, Saurabh},
  journal={Nucleic acids research},
  volume={39},
  number={suppl 2},
  pages={W79--W85},
  year={2011},
  publisher={Oxford Univ Press}
}

@article{Gan2014,
  title={Identifying cis-regulatory elements and modules using Conditional Random Fields},
  author={Gan, Yanglan and Guan, Jihong and Zhou, Shuigeng and Zhang, Weixiong},
  year={2014},
  volume={11},
  number={1},
  journal={IEEE/ACM Transactions on computational biology and bioinformatics},
  publisher={IEEE}
}

@article{Roth2007,
  title={Expression of a tumor-related gene network increases in the mammalian hypothalamus at the time of female puberty},
  author={Roth, Christian L and Mastronardi, Claudio and Lomniczi, Alejandro and Wright, Hollis and Cabrera, Ricardo and Mungenast, Alison E and Heger, Sabine and Jung, Heike and Dubay, Christopher and Ojeda, Sergio R},
  journal={Endocrinology},
  volume={148},
  number={11},
  pages={5147--5161},
  year={2007},
  publisher={Endocrine Society}
}
